<record><leader>00000cas a2200000 a 4500</leader><controlfield tag="001">42584112</controlfield><controlfield tag="008">991006d19801985oruwr ne      0    0eng c</controlfield><datafield ind1=" " ind2=" " tag="010"><subfield code="a">sn 99063870 </subfield></datafield><datafield ind1=" " ind2=" " tag="040"><subfield code="a">OCN</subfield><subfield code="b">eng</subfield><subfield code="c">OCN</subfield><subfield code="d">OCLCQ</subfield><subfield code="d">OCLCF</subfield><subfield code="d">OCLCO</subfield></datafield><datafield ind1=" " ind2=" " tag="042"><subfield code="a">pcc</subfield></datafield><datafield ind1=" " ind2=" " tag="043"><subfield code="a">n-us-or</subfield></datafield><datafield ind1="0" ind2="0" tag="245"><subfield code="a">Fishrapper.</subfield></datafield><datafield ind1=" " ind2=" " tag="260"><subfield code="a">Wheeler, Or. :</subfield><subfield code="b">Paul Rouse,</subfield><subfield code="c">1980-1985.</subfield></datafield><datafield ind1=" " ind2=" " tag="300"><subfield code="a">v.</subfield></datafield><datafield ind1=" " ind2=" " tag="310"><subfield code="a">Weekly</subfield></datafield><datafield ind1="0" ind2=" " tag="362"><subfield code="a">Vol. 5, no. 42 (June 12, 1980)-v. 11, no. 6 (Sept. 26, 1985).</subfield></datafield><datafield ind1=" " ind2=" " tag="530"><subfield code="a">Also issued on microfilm from University of Oregon.</subfield></datafield><datafield ind1=" " ind2="0" tag="651"><subfield code="a">Wheeler (Or.)</subfield><subfield code="v">Newspapers.</subfield></datafield><datafield ind1=" " ind2="0" tag="651"><subfield code="a">Tillamook County (Or.)</subfield><subfield code="v">Newspapers.</subfield></datafield><datafield ind1=" " ind2="7" tag="655"><subfield code="a">Newspapers.</subfield><subfield code="2">fast</subfield><subfield code="0">(OCoLC)fst01423814</subfield></datafield><datafield ind1=" " ind2="7" tag="651"><subfield code="a">Oregon</subfield><subfield code="z">Tillamook County.</subfield><subfield code="2">fast</subfield><subfield code="0">(OCoLC)fst01205853</subfield></datafield><datafield ind1=" " ind2="7" tag="651"><subfield code="a">Oregon</subfield><subfield code="z">Wheeler.</subfield><subfield code="2">fast</subfield><subfield code="0">(OCoLC)fst01223381</subfield></datafield><datafield ind1=" " ind2=" " tag="752"><subfield code="a">United States</subfield><subfield code="b">Oregon</subfield><subfield code="c">Tillamook</subfield><subfield code="d">Wheeler.</subfield></datafield><datafield ind1="0" ind2="0" tag="780"><subfield code="t">Nehalem Bay fishrapper</subfield><subfield code="w">(DLC)sn 99063869</subfield></datafield></record>